% This file was created with JabRef 2.6.
% Encoding: ISO8859_1

@PHDTHESIS{c2006,
  author = {Carsten Benthin},
  title = {Realtime Ray Tracing on current CPU Architectures},
  school = {Saarland University},
  year = {2006}
}

@INPROCEEDINGS{c2010,
  author = {Choi, Byn and Komuravelli, Rakesh and Lu, Victor and Sung, Hyojin
	and Bocchino, Robert L. and Adve, Sarita V. and Hart, John C.},
  title = {Parallel SAH k-D tree construction},
  booktitle = {Proceedings of the Conference on High Performance Graphics},
  year = {2010},
  series = {HPG '10},
  pages = {77--86},
  address = {Aire-la-Ville, Switzerland, Switzerland},
  publisher = {Eurographics Association},
  acmid = {1921492},
  bdsk-url-1 = {http://portal.acm.org/citation.cfm?id=1921479.1921492},
  date-modified = {2011-05-17 14:34:45 -0400},
  location = {Saarbrucken, Germany},
  numpages = {10},
  url = {http://portal.acm.org/citation.cfm?id=1921479.1921492}
}

@PHDTHESIS{havran2000,
  author = {Vlastimil Havran},
  title = {Heuristic Ray Shooting Algorithms},
  school = {Department of Computer Science and Engineering, Faculty of Electrical
	Engineering, Czech Technical University in Prague},
  year = {2000},
  type = {Ph.D. Thesis},
  month = {November},
  bdsk-url-1 = {http://www.cgg.cvut.cz/~havran/phdthesis.html},
  url = {http://www.cgg.cvut.cz/~havran/phdthesis.html}
}

@ARTICLE{kk1986,
  author = {Kay, Timothy L. and Kajiya, James T.},
  title = {Ray tracing complex scenes},
  journal = {SIGGRAPH Comput. Graph.},
  year = {1986},
  volume = {20},
  pages = {269--278},
  month = {August},
  acmid = {15916},
  address = {New York, NY, USA},
  bdsk-url-1 = {http://doi.acm.org/10.1145/15886.15916},
  doi = {http://doi.acm.org/10.1145/15886.15916},
  issn = {0097-8930},
  issue = {4},
  numpages = {10},
  publisher = {ACM},
  url = {http://doi.acm.org/10.1145/15886.15916}
}

@TECHREPORT{lp2008,
  author = {David Luebke and Steven Parker},
  title = {Interactive Ray Tracing with CUDA},
  institution = {NVIDIA Research},
  year = {2008},
  owner = {lenovo},
  timestamp = {2011.05.15}
}

@ARTICLE{msk2007,
  author = {Maxim Shevtsov, Alexei Soupikov and Alexander Kapustin},
  title = {Highly Parallel Fast KD-tree Construction for Interactive Ray Tracing
	of Dynamic Scenes},
  journal = {EUROGRAPHICS},
  year = {2007},
  volume = {26},
  pages = {395-404}
}

@BOOK{ph2004,
  title = {Physically Based Rendering: From Theory to Implementation},
  publisher = {Morgan Kaufmann Publishers Inc.},
  year = {2004},
  author = {Pharr, Matt and Humphreys, Greg},
  address = {San Francisco, CA, USA},
  isbn = {012553180X}
}

@INPROCEEDINGS{p2006,
  author = {Stefan Popov and Johannes G{\"u}nther and Hans-Peter Seidel and Philipp
	Slusallek},
  title = {Experiences with Streaming Construction of {SAH} {KD}-Trees},
  booktitle = {Proceedings of the 2006 IEEE Symposium on Interactive Ray Tracing},
  year = {2006},
  pages = {89--94},
  month = sep
}

@INPROCEEDINGS{wh2006,
  author = {Ingo Wald and Vlastimil Havran},
  title = {On building fast kd-Trees for Ray Tracing, and on doing that in O(N
	log N)},
  booktitle = {IN PROCEEDINGS OF THE 2006 IEEE SYMPOSIUM ON INTERACTIVE RAY TRACING},
  year = {2006},
  pages = {61--70}
}

@ARTICLE{zhou2008,
  author = {Zhou, Kun and Hou, Qiming and Wang, Rui and Guo, Baining},
  title = {Real-time KD-tree construction on graphics hardware},
  journal = {ACM Trans. Graph.},
  year = {2008},
  volume = {27},
  pages = {126:1--126:11},
  month = {December},
  acmid = {1409079},
  address = {New York, NY, USA},
  articleno = {126},
  doi = {http://doi.acm.org/10.1145/1409060.1409079},
  issn = {0730-0301},
  issue = {5},
  keywords = {kd-tree, photon mapping, point cloud modeling, programable graphics
	hardware, ray tracing},
  numpages = {11},
  publisher = {ACM},
  url = {http://doi.acm.org/10.1145/1409060.1409079}
}

@MANUAL{nvcuda2010,
  title = {NVIDIA CUDA Programming Guide},
  owner = {lenovo},
  timestamp = {2011.05.20}
}

@MANUAL{ogre17,
  title = {OGRE Manual v1.7 ('Cthugha')},
  owner = {lenovo},
  timestamp = {2011.05.20}
}

@comment{jabref-meta: selector_publisher:}

@comment{jabref-meta: selector_author:}

@comment{jabref-meta: selector_journal:}

@comment{jabref-meta: selector_keywords:}

